@article{KRSS15,
  author    = {Rasmus Kyng and
               Anup Rao and
               Sushant Sachdeva and
               Daniel A. Spielman},
  title     = {Algorithms for Lipschitz Learning on Graphs},
  journal   = {CoRR},
  volume    = {abs/1505.00290},
  year      = {2015},
  url       = {http://arxiv.org/abs/1505.00290},
  timestamp = {Mon, 01 Jun 2015 14:13:54 +0200},
  biburl    = {http://dblp.uni-trier.de/rec/bib/journals/corr/KyngRSS15},
  bibsource = {dblp computer science bibliography, http://dblp.org}
}

@article{LLPSU99,
title = "Combinatorial Games under Auction Play ",
journal = "Games and Economic Behavior ",
volume = "27",
number = "2",
pages = "229 - 264",
year = "1999",
note = "",
issn = "0899-8256",
doi = "http://dx.doi.org/10.1006/game.1998.0676",
url = "http://www.sciencedirect.com/science/article/pii/S0899825698906765",
author = "Andrew J. Lazarus and Daniel E. Loeb and James G. Propp and Walter R. Stromquist and Daniel H. Ullman",
keywords = "combinatorial game theory",
keywords = "directed graphs "
}

@article{Obe05,
  author    = {Adam M. Oberman},
  title     = {A convergent difference scheme for the infinity Laplacian: construction
               of absolutely minimizing Lipschitz extensions},
  journal   = {Math. Comput.},
  volume    = {74},
  number    = {251},
  pages     = {1217--1230},
  year      = {2005},
  url       = {http://dx.doi.org/10.1090/S0025-5718-04-01688-6},
  doi       = {10.1090/S0025-5718-04-01688-6},
  timestamp = {Mon, 28 Feb 2011 10:41:45 +0100},
  biburl    = {http://dblp.uni-trier.de/rec/bib/journals/moc/Oberman05},
  bibsource = {dblp computer science bibliography, http://dblp.org}
}

@article{And09,
  author    = {Karl T. Andersson},
  year      = {2009},
  note      = {(Master Thesis)},
  title     = {An iterative solution method for p-harmonic functions on
finite graphs with an implementation},
  url       = {http://urn.kb.se/resolve?urn=urn:nbn:se:liu:diva-18162}
}

@article{ADE14,
title = "Infinity Laplacian on graphs with gradient terms for image and data clustering ",
journal = "Pattern Recognition Letters ",
volume = "41",
number = "",
pages = "65 - 72",
year = "2014",
note = "Supervised and Unsupervised Classification Techniques and their Applications ",
issn = "0167-8655",
doi = "http://dx.doi.org/10.1016/j.patrec.2013.11.024",
url = "http://www.sciencedirect.com/science/article/pii/S0167865513004996",
author = "Sadia Alkama and Xavier Desquesnes and Abderrahim Elmoataz",
keywords = "Weighted graphs",
keywords = "PdE",
keywords = "Laplacian",
keywords = "Unsupervised",
keywords = "Classification",
keywords = "Segmentation "
}

@article{EDLL14,
title = "Nonlocal infinity Laplacian equation on graphs with applications in image processing and machine learning",
journal = "Mathematics and Computers in Simulation ",
volume = "102",
number = "",
pages = "153 - 163",
year = "2014",
note = "4th International Conference on Approximation Methods and Numerical Modeling in Environment and Natural Resources - \{PART\} \{II\} ",
issn = "0378-4754",
doi = "http://dx.doi.org/10.1016/j.matcom.2014.01.007",
url = "http://www.sciencedirect.com/science/article/pii/S0378475414000421",
author = "Abderrahim Elmoataz and Xavier Desquesnes and Zakaria Lakhdari and Olivier Lézoray",
keywords = "Nonlocal infinity Laplacian",
keywords = "Partial difference equations",
keywords = "Tug-of-war game",
keywords = "Weighted graphs",
keywords = "Image processing",
keywords = "Semi-supervised data clustering "
}


@INPROCEEDINGS{GEL11, 
author={Mahmoud Ghoniem and Abderrahim Elmoataz and Olivier Lezoray},
booktitle={Image Processing (ICIP), 2011 18th IEEE International Conference on}, 
title={Discrete infinity harmonic functions: Towards a unified interpolation framework on graphs}, 
year={2011}, 
pages={1361-1364}, 
keywords={Laplace transforms;computer vision;graph theory;interpolation;partial differential equations;variational techniques;∞-Laplacian;Dirichlet problem;PDE;computer vision;discrete infinity harmonic functions;image interpolation;image processing;robust digital algorithms;unified interpolation framework;variational techniques;weighted graphs arbitrary topology;Conferences;Convergence;Equations;Image segmentation;Interpolation;Topology;∞-Laplacian;∞-harmonic functions;in-painting;interpolation;semi-supervised segmentation}, 
doi={10.1109/ICIP.2011.6115690}, 
ISSN={1522-4880}, 
month={Sept},
}

@Article{PSSW08,
     author    = "Yuval Peres and Oded Schramm and Scott Sheffield and David B. Wilson",
     title     = "Tug-of-war and the infinity Laplacian",
     year      = "2008",
     doi       = "10.1090/S0894-0347-08-00606-1",
     archivePrefix = "arXiv",
     eprint        = "0605002v2",
     primaryClass  = "hep-th",
}

